<record><leader>00000cas a22000007a 4500</leader><controlfield tag="001">10890533</controlfield><controlfield tag="008">840627d18311833nhuwr ne      0    0eng d</controlfield><datafield ind1=" " ind2=" " tag="010"><subfield code="a">sn 84023469 </subfield></datafield><datafield ind1=" " ind2=" " tag="040"><subfield code="a">AQM</subfield><subfield code="b">eng</subfield><subfield code="c">AQM</subfield><subfield code="d">OCLCG</subfield><subfield code="d">VA@</subfield><subfield code="d">DLC</subfield><subfield code="d">OCLCF</subfield></datafield><datafield ind1="1" ind2=" " tag="029"><subfield code="a">AU@</subfield><subfield code="b">000025824381</subfield></datafield><datafield ind1=" " ind2=" " tag="042"><subfield code="a">msc</subfield></datafield><datafield ind1=" " ind2=" " tag="043"><subfield code="a">n-us-nh</subfield></datafield><datafield ind1="0" ind2="0" tag="050"><subfield code="a">Newspaper</subfield></datafield><datafield ind1="0" ind2="0" tag="245"><subfield code="a">Exeter news-letter, and Rockingham probate advertiser.</subfield></datafield><datafield ind1="0" ind2="3" tag="246"><subfield code="a">Exeter news letter, and Rockingham probate advertiser</subfield></datafield><datafield ind1="1" ind2="3" tag="246"><subfield code="a">Exeter news-letter</subfield><subfield code="f">May 10, 1831</subfield></datafield><datafield ind1="0" ind2="3" tag="246"><subfield code="a">Exeter news letter</subfield></datafield><datafield ind1="1" ind2="0" tag="246"><subfield code="a">Rockingham probate advertiser</subfield></datafield><datafield ind1=" " ind2=" " tag="260"><subfield code="a">Exeter, N.H. :</subfield><subfield code="b">John S. Sleeper,</subfield><subfield code="c">1831-1833.</subfield></datafield><datafield ind1=" " ind2=" " tag="300"><subfield code="a">2 v. :</subfield><subfield code="b">ill. (chiefly advertisements) ;</subfield><subfield code="c">55 cm.</subfield></datafield><datafield ind1=" " ind2=" " tag="310"><subfield code="a">Weekly</subfield></datafield><datafield ind1="0" ind2=" " tag="362"><subfield code="a">Vol. 1, no. 2 (May 17, 1831)-v. 2, no. 52 (Apr. 30, 1833).</subfield></datafield><datafield ind1=" " ind2=" " tag="500"><subfield code="a">Published as: Exeter news-letter, May 10, 1831.</subfield></datafield><datafield ind1=" " ind2=" " tag="500"><subfield code="a">Printers: C. Norris, 1831-1832; L. Shepard, 1832-1833.</subfield></datafield><datafield ind1=" " ind2=" " tag="515"><subfield code="a">Vol. 2, no. 8 (June 26, 1832)-v. 2, no. 12 (July 24, 1832) called also whole no. 60-64.</subfield></datafield><datafield ind1=" " ind2=" " tag="525"><subfield code="a">Supplements accompany some numbers.</subfield></datafield><datafield ind1=" " ind2=" " tag="500"><subfield code="a">Edited by John S. Sleeper.</subfield></datafield><datafield ind1=" " ind2="7" tag="655"><subfield code="a">Newspapers.</subfield><subfield code="2">rbgenr</subfield></datafield><datafield ind1="1" ind2="0" tag="600"><subfield code="a">Turner, Nat,</subfield><subfield code="d">1800?-1831.</subfield></datafield><datafield ind1=" " ind2="0" tag="650"><subfield code="a">Southampton Insurrection, 1831.</subfield></datafield><datafield ind1=" " ind2="0" tag="651"><subfield code="a">Exeter (N.H.)</subfield><subfield code="v">Newspapers.</subfield></datafield><datafield ind1=" " ind2="7" tag="655"><subfield code="a">Newspapers.</subfield><subfield code="2">fast</subfield><subfield code="0">(OCoLC)fst01423814</subfield></datafield><datafield ind1="1" ind2="7" tag="600"><subfield code="a">Turner, Nat,</subfield><subfield code="d">1800?-1831.</subfield><subfield code="2">fast</subfield><subfield code="0">(OCoLC)fst00005051</subfield></datafield><datafield ind1="2" ind2="7" tag="611"><subfield code="a">Southampton Insurrection (1831)</subfield><subfield code="2">fast</subfield><subfield code="0">(OCoLC)fst01127265</subfield></datafield><datafield ind1=" " ind2="7" tag="648"><subfield code="a">1831</subfield><subfield code="2">fast</subfield></datafield><datafield ind1=" " ind2="7" tag="651"><subfield code="a">New Hampshire</subfield><subfield code="z">Exeter.</subfield><subfield code="2">fast</subfield><subfield code="0">(OCoLC)fst01204490</subfield></datafield><datafield ind1="1" ind2=" " tag="700"><subfield code="a">Sleeper, John Sherburne,</subfield><subfield code="d">1794-1878.</subfield></datafield><datafield ind1=" " ind2=" " tag="752"><subfield code="a">United States</subfield><subfield code="b">New Hampshire</subfield><subfield code="c">Rockingham</subfield><subfield code="d">Exeter.</subfield></datafield><datafield ind1="0" ind2="0" tag="780"><subfield code="t">Exeter news-letter</subfield><subfield code="w">(DLC)sn 84023468</subfield><subfield code="w">(OCoLC)10890467</subfield></datafield><datafield ind1="0" ind2="0" tag="785"><subfield code="t">Exeter news-letter, and Rockingham County advertiser</subfield><subfield code="w">(DLC)sn 84023470</subfield><subfield code="w">(OCoLC)10891469</subfield></datafield></record>